{
  "leader": "01513cam a2200349Ia 4500",
  "fields": [
    {
      "001": "ocm00490343\\"
    },
    {
      "003": "OCoLC"
    },
    {
      "005": "20220630100147.0"
    },
    {
      "008": "840801s1957\\\\\\\\nyuab\\\\\\\\b\\\\\\\\001\\0\\eng\\\\"
    },
    {
      "010": {
        "ind1": "\\",
        "ind2": "\\",
        "subfields": [
          {
            "a": "   57007063 "
          }
        ]
      }
    },
    {
      "040": {
        "ind1": "\\",
        "ind2": "\\",
        "subfields": [
          {
            "a": "DLC/ICU"
          },
          {
            "b": "eng"
          },
          {
            "c": "CGU"
          },
          {
            "d": "DLC"
          },
          {
            "d": "UKM"
          },
          {
            "d": "MUQ"
          },
          {
            "d": "DRB"
          },
          {
            "d": "AU@"
          },
          {
            "d": "NIALS"
          },
          {
            "d": "WPB"
          },
          {
            "d": "OCLCF"
          },
          {
            "d": "OCLCQ"
          },
          {
            "d": "NTE"
          },
          {
            "d": "ILPML"
          },
          {
            "d": "UKMGB"
          },
          {
            "d": "MUO"
          },
          {
            "d": "UWK"
          },
          {
            "d": "LHL"
          },
          {
            "d": "OCLCO"
          },
          {
            "d": "FLWVS"
          }
        ]
      }
    },
    {
      "016": {
        "ind1": "7",
        "ind2": "\\",
        "subfields": [
          {
            "a": "010300254"
          },
          {
            "2": "Uk"
          }
        ]
      }
    },
    {
      "019": {
        "ind1": "\\",
        "ind2": "\\",
        "subfields": [
          {
            "a": "987068352"
          },
          {
            "a": "1166192096"
          },
          {
            "a": "1166473710"
          },
          {
            "a": "1166542296"
          },
          {
            "a": "1223643907"
          },
          {
            "a": "1223778440"
          },
          {
            "a": "1298775769"
          }
        ]
      }
    },
    {
      "035": {
        "ind1": "\\",
        "ind2": "\\",
        "subfields": [
          {
            "a": "(OCoLC)490343"
          },
          {
            "z": "(OCoLC)987068352"
          },
          {
            "z": "(OCoLC)1166192096"
          },
          {
            "z": "(OCoLC)1166473710"
          },
          {
            "z": "(OCoLC)1166542296"
          },
          {
            "z": "(OCoLC)1223643907"
          },
          {
            "z": "(OCoLC)1223778440"
          },
          {
            "z": "(OCoLC)1298775769"
          }
        ]
      }
    },
    {
      "043": {
        "ind1": "\\",
        "ind2": "\\",
        "subfields": [
          {
            "a": "l------"
          }
        ]
      }
    },
    {
      "050": {
        "ind1": "0",
        "ind2": "0",
        "subfields": [
          {
            "a": "GC481"
          },
          {
            "b": ".O8 1957"
          }
        ]
      }
    },
    {
      "082": {
        "ind1": "0",
        "ind2": "0",
        "subfields": [
          {
            "a": "551.461"
          },
          {
            "b": "OUT"
          }
        ]
      }
    },
    {
      "100": {
        "ind1": "1",
        "ind2": "\\",
        "subfields": [
          {
            "a": "Outhwaite, Leonard,"
          },
          {
            "d": "1892-1979,"
          },
          {
            "e": "author."
          }
        ]
      }
    },
    {
      "245": {
        "ind1": "1",
        "ind2": "4",
        "subfields": [
          {
            "a": "The Atlantic :"
          },
          {
            "b": "a history of an ocean /"
          },
          {
            "c": "Leonard Outhwaite."
          }
        ]
      }
    },
    {
      "260": {
        "ind1": "\\",
        "ind2": "\\",
        "subfields": [
          {
            "a": "New York :"
          },
          {
            "b": "Coward-McCann, Inc.,"
          },
          {
            "c": "[\u00a91957]"
          }
        ]
      }
    },
    {
      "300": {
        "ind1": "\\",
        "ind2": "\\",
        "subfields": [
          {
            "a": "479 pages :"
          },
          {
            "b": "illustrations, maps ;"
          },
          {
            "c": "22 cm"
          }
        ]
      }
    },
    {
      "336": {
        "ind1": "\\",
        "ind2": "\\",
        "subfields": [
          {
            "a": "text"
          },
          {
            "b": "txt"
          },
          {
            "2": "rdacontent"
          }
        ]
      }
    },
    {
      "337": {
        "ind1": "\\",
        "ind2": "\\",
        "subfields": [
          {
            "a": "unmediated"
          },
          {
            "b": "n"
          },
          {
            "2": "rdamedia"
          }
        ]
      }
    },
    {
      "338": {
        "ind1": "\\",
        "ind2": "\\",
        "subfields": [
          {
            "a": "volume"
          },
          {
            "b": "nc"
          },
          {
            "2": "rdacarrier"
          }
        ]
      }
    },
    {
      "504": {
        "ind1": "\\",
        "ind2": "\\",
        "subfields": [
          {
            "a": "Includes bibliographical references and index."
          }
        ]
      }
    },
    {
      "520": {
        "ind1": "\\",
        "ind2": "\\",
        "subfields": [
          {
            "a": "Physical description, economic and political history."
          }
        ]
      }
    },
    {
      "651": {
        "ind1": "\\",
        "ind2": "0",
        "subfields": [
          {
            "a": "Atlantic Ocean."
          }
        ]
      }
    },
    {
      "651": {
        "ind1": "\\",
        "ind2": "7",
        "subfields": [
          {
            "a": "Atlantic Ocean."
          },
          {
            "2": "fast"
          },
          {
            "0": "(OCoLC)fst01240722"
          }
        ]
      }
    },
    {
      "776": {
        "ind1": "0",
        "ind2": "8",
        "subfields": [
          {
            "i": "Online version:"
          },
          {
            "a": "Outhwaite, Leonard, 1892-"
          },
          {
            "t": "Atlantic."
          },
          {
            "d": "New York, Coward-McCann [1957]"
          },
          {
            "w": "(OCoLC)647098915"
          }
        ]
      }
    },
    {
      "994": {
        "ind1": "\\",
        "ind2": "\\",
        "subfields": [
          {
            "a": "Z0"
          },
          {
            "b": "NYRVC"
          }
        ]
      }
    },
    {
      "948": {
        "ind1": "\\",
        "ind2": "\\",
        "subfields": [
          {
            "h": "NO HOLDINGS IN NYRVC - 574 OTHER HOLDINGS"
          }
        ]
      }
    },
    {
      "999": {
        "ind1": "\\",
        "ind2": "\\",
        "subfields": [
          {
            "a": "00000000013015"
          }
        ]
      }
    }
  ]
}